    @BOOK{NaturalComputing,
      author =       "Anthony Brabazon and Michael O'Neill and Seán McGarraghy",
      title =        "Natural Computing Algorithms",
      address =      "Berlin",
      publisher =    "Springer",
      edition =      1,
      year =         2015,
      isbn =         "978-3-662-43630-1"
    }

    @BOOK{NaturalComputing-handbook,
      author =       "Grzegorz Rozenberg and Thomas Bäck and Joost N. Kok",
      title =        "Handbook of Natural Computing",
      address =      "Berlin",
      publisher =    "Springer",
      edition =      1,
      volume =       4,
      year =         2012,
      isbn =         "978-3-540-92909-3"
    }

    @BOOK{QuantumComputing-QuantumInformation,
      author =       "Michael A. Nielsen and Isaac L. Chuang",
      title =        "Quantum Computation and Quantum Information",
      address =      "Cambridge", 
      publisher =    "Cambridge University Press",
      edition =      1,
      year =         2010,
      isbn =         "978-1-107-00217-3"
    }

    @article{QuantumMeasurement,
      title =        "Experimental Joint Quantum Measurements with Minimum Uncertainty",
      author =       {Martin Ringbauer and  Devon N. Biggerstaff and Matthew A. Broome and Alessandro Fedrizzi and Cyril Branciard and Andrew G. White},
      journal =      "Physical Review Letter",
      edition =      1,
      volume =       112,
      number =       2,
      pages =        "020401",
      numpages =     5,
      year =         2014,
      month =        1,
      publisher =    "American Physical Society",
      issn =         "1079-7114",
      howpublished = "online",
      doi =          "10.1103/PhysRevLett.112.020401",
      url =          "https://link.aps.org/doi/10.1103/PhysRevLett.112.020401",
      cited =        "2025-01-18"
    }

    @book{QuantumComuting-Introduction,
      author =       "Eleanor G. Rieffel and Wolfgang .H. Polak",
      title =        "Quantum Computing: A Gentle Introduction",
      address =      "Cambridge, Massachusetts",   
      publisher =    "MIT Press",
      edition =      1,
      year =         2011,
      isbn =         "978-0-262-01506-6",
    }

    @BOOK{QuantumComputing-Curious,
      author =       "Ciaran Hughes and Joshua Isaacson and Anastasia Perry and Ranbel F. Sun and Jessica Turner",
      title =        "Quantum Computing for the Quantum Curious",
      address =      "Germany",
      publisher =    "Springer International Publishing",
      edition =      1,
      year =         "2021",
      isbn =         "978-3-030-61601-4"
    }

    @article{knapsack01-survey,
      title =        "Nature-inspired algorithms for 0-1 knapsack problem: A survey",
      author =       "Yongquan Zhou and Yan Shi and Yuanfei Wei and Qifang Luo and Zhonghua Tang",
      journal =      "Neurocomputing",
      volume =       "554",
      number =       "1",
      edition =      "1",
      pages =        "126630",
      year =         "2023",
      issn =         "0925-2312",
      howpublished = "online",
      doi =          "https://doi.org/10.1016/j.neucom.2023.126630",
      url =          "https://www.sciencedirect.com/science/article/pii/S0925231223007531",
      cited =        "2025-01-21"
    }

    @BOOK{ApproximationAlgorithms,
      author =       "Vijay V. Vazirani",
      title =        "Approximation Algorithms",
      adress =       "Berlin",
      publisher =    "Springer",
      edition =      2,
      year =         "2010",
      isbn =         "978-3-642-08469-0",
    }

    @BOOK{IntroductionToAlgorithms,
      author =       "Thomas H. Cormen and Charles Eric Leiserson and Ronald L. Rivest and Clifford Stein",
      title =        "Introduction to algorithms",
      publisher =    "The MIT Press",
      address =      "Cambridge, Massachusetts",
      year =         "2022",
      edition =      4,
      isbn =         "9780262046305",
    }

    @article{multidimensional-knapsack,
      author =       "Arnaud Fréville",
      title =        "The multidimensional 0-1 knapsack problem: An overview",
      journal =      "European Journal of Operational Research",
      volume =       155,
      edition =      1,
      number =       1,
      pages =        "1-21",
      year =         2004,
      issn =         "0377-2217",
      howpublished = "online",
      doi =          "https://doi.org/10.1016/S0377-2217(03)00274-1",
      url =          "https://www.sciencedirect.com/science/article/pii/S0377221703002741",
      cited =        "2025-01-21"
    }

    @article{unbounded-knapsack,
      author =       "R. Andonov and V. Poirriez and S. Rajopadhye",
      title =        "Unbounded knapsack problem: Dynamic programming revisited",
      journal =      "European Journal of Operational Research",
      volume =       123,
      number =       2,
      edition =      1,
      pages =        "394-407",
      year =         2000,
      issn =         "0377-2217",
      howpublished = "online",
      doi =          "https://doi.org/10.1016/S0377-2217(99)00265-9",
      url =          "https://www.sciencedirect.com/science/article/pii/S0377221799002659",
      cited =        "2025-01-21"
    }

    @BOOK{knapsack-problems,
      author =       "Hans Kellerer and Ulrich Pferschy and David Pisinger",
      title =        "Knapsack problems",
      address =      "Berlin",
      publisher =    "Springer",
      year =         2004,
      edition =      1,
      isbn =         "978-3-642-07311-3",
    }
    
    @article{knapsack-problems-overview-I,
      author =       "Valentina Cacchiani and Manuel Iori and Alberto Locatelli and Silvano Martello",
      title =        "Knapsack problems — An overview of recent advances. Part I: Single knapsack problems",
      journal =      "Computers \& Operations Research",
      volume =       143,
      edition =      1,
      number =       1,
      pages =        "105692",
      year =         2022,
      issn =         "0305-0548",
      howpublished = "online",
      doi =          "https://doi.org/10.1016/j.cor.2021.105692",
      url =          "https://www.sciencedirect.com/science/article/pii/S0305054821003877",
      cited =        "2025-01-21"
    }

    @article{knapsack-problems-overview-II,
      author =       "Valentina Cacchiani and Manuel Iori and Alberto Locatelli and Silvano Martello",
      title =        "Knapsack problems — An overview of recent advances. Part II: Multiple, multidimensional, and quadratic knapsack problems",
      journal =      "Computers \& Operations Research",
      volume =       143,
      edition =      1,
      number =       1,
      pages =        "105693",
      year =         2022,
      issn =         "0305-0548",
      howpublished = "online",
      doi =          "https://doi.org/10.1016/j.cor.2021.105693",
      url =          "https://www.sciencedirect.com/science/article/pii/S0305054821003889",
      cited =        "2025-01-21"
    }

    @BOOK{ea-applications,
      author =       "Mirjalili, S. and Faris, H. and Aljarah, I.",
      title =        "Evolutionary Machine Learning Techniques",
      subtitle =     "Algorithms and Applications",
      isbn =         "978-981-32-9992-4",
      series =       "Algorithms for Intelligent Systems",
      year=          2020,
      edition =      1,
      address =      "Singapore",
      publisher =    "Springer Nature Singapore"
    }

    @ARTICLE{qiga,
      author =       "Kuk-Hyun Han and Jong-Hwan Kim",
      title =        "Quantum-inspired evolutionary algorithm for a class of combinatorial optimization", 
      journal =      "IEEE Transactions on Evolutionary Computation", 
      year =         2002,
      volume =       6,
      edition =      1,
      number =       6,
      pages =        "580-593",
      issn =         "1941-0026",
      howpublished = "online",
      doi =          "10.1109/TEVC.2002.804320",
      url =          "https://ieeexplore.ieee.org/abstract/document/1134125",
      cited =        "2025-01-22"
    }

    @INPROCEEDINGS{QIEA-CNN,
      author =       "Weiliang Ye and Ruijiao Liu and Yangyang Li and Licheng Jiao",
      booktitle =    "2020 IEEE Congress on Evolutionary Computation (CEC)", 
      title =        "Quantum-Inspired Evolutionary Algorithm for Convolutional Neural Networks Architecture Search", 
      year =         2020,
      pages =        "1-8",
      organization = "IEEE",
      howpublished = "online",
      doi =          "10.1109/CEC48606.2020.9185727",
      url =          "https://ieeexplore.ieee.org/document/9185727",
      isbn =         "978-1-7281-6929-3",
      cited =        "2025-01-26"
    }

    @INPROCEEDINGS{QIEA-net,
      author =       "Bhoomesh Radha and Harry C. S. Rughooputh",
      booktitle =    "2010 International Conference on Networking, Sensing and Control (ICNSC)", 
      title =        "Optimal network reconfiguration of electrical distribution systems using real coded quantum inspired evolutionary algorithm", 
      year =         2010,
      pages =        "38-43",
      organization = "IEEE",
      howpublished = "online",
      doi =          "10.1109/ICNSC.2010.5461550",
      url =          "https://ieeexplore.ieee.org/document/5461550",
      isbn =         "978-1-4244-6453-1",
      cited =        "2025-01-26"
    }

    @INPROCEEDINGS{QIEA-EHW,
      author =       "Yuyu Wang and Yu Shi",
      booktitle =    "2010 The 2nd Conference on Environmental Science and Information Application Technology", 
      title =        "The application of quantum-inspired evolutionary algorithm in analog evolvable hardware", 
      year =         2010,
      volume =       2,
      pages =        "330-334",
      organization = "IEEE",
      howpublished = "online",
      doi =          "10.1109/ESIAT.2010.5567359",
      url =          "https://ieeexplore.ieee.org/document/5567359",
      isbn =         "978-1-4244-7390-8",
      cited =        "2025-01-26"
    }

    @ARTICLE{QIEA-survey1,
      author =       "Yangyang Li and Mengzhuo Tian and Guangyuan Liu and Cheng Peng and Licheng Jiao",
      journal =      "IEEE Access", 
      title =        "Quantum Optimization and Quantum Learning: A Survey", 
      year =         2020,
      volume =       8,
      number =       1,
      edition =      1,
      pages =        "23568-23593",
      howpublished = "online",
      doi =          "10.1109/ACCESS.2020.2970105",
      url =          "https://ieeexplore.ieee.org/document/8972916",
      cited =        "2025-01-26"
    }

    @ARTICLE{QIEA-survey2,
      author =       "Gexiang Zhang",
      title =        "Quantum-inspired evolutionary algorithms: a survey and empirical study",
      journal =      "Journal of Heuristics",
      year =         2011,
      volume =       17,
      number =       3,
      edition =      1,
      pages =        "303--351",
      howpublished = "online",
      doi =          "10.1007/s10732-010-9136-0",
      url =          "https://doi.org/10.1007/s10732-010-9136-0",
      issn =         "1572-9397",
      cited =        "2025-01-26"
    }

    @BOOK{FundamentalNatural,
      author =       "Leonardo Nunes de Castro",
      title =        "Fundamentals of Natural Computing",
      subtitle =     "Basic Concepts, Algorithms, and Applications",
      publisher =    "CRC Press",
      address =      "Boca Raton",
      series =       "COMPUTER and INFORMATION SCIENCE",
      year =         2007,
      edition =      1,
      isbn =         "978-1-4200-1144-9",
    }

    @ARTICLE{ANN-review,
      author={Abiodun, Oludare Isaac and Jantan, Aman and Omolara, Abiodun Esther and Dada, Kemi Victoria and Umar, Abubakar Malah and Linus, Okafor Uchenwa and Arshad, Humaira and Kazaure, Abdullahi Aminu and Gana, Usman and Kiru, Muhammad Ubale},
      journal={IEEE Access}, 
      title={Comprehensive Review of Artificial Neural Network Applications to Pattern Recognition}, 
      year={2019},
      volume={7},
      number={1},
      edition = {1},
      pages={158820-158846},
      doi={10.1109/ACCESS.2019.2945545},
      howpublished = "online",
      cited =        "2025-04-29"
    }

    @article{ANN-survey,
      title = {State-of-the-art in artificial neural network applications: A survey},
      journal = {Heliyon},
      volume = {4},
      number = {11},
      edition = {1},
      pages = {e00938},
      year = {2018},
      issn = {2405-8440},
      doi = {https://doi.org/10.1016/j.heliyon.2018.e00938},
      url = {https://www.sciencedirect.com/science/article/pii/S2405844018332067},
      author = {Oludare Isaac Abiodun and Aman Jantan and Abiodun Esther Omolara and Kemi Victoria Dada and Nachaat AbdElatif Mohamed and Humaira Arshad},
      howpublished = "online",
      cited =        "2025-04-29"
    }

    @article{molecular,
      author = {Leonard M. Adleman },
      title = {Molecular Computation of Solutions to Combinatorial Problems},
      journal = {Science},
      volume = {266},
      number = {5187},
      pages = {1021-1024},
      year = {1994},
      edition = {1},
      doi = {10.1126/science.7973651},
      howpublished = "online",
      cited =        "2025-04-29"
    }

    @BOOK{IntroductionToEvoComputing,
      author =       "A. E. Eiben and J. E. Smith",
      title =        "Introduction to Evolutionary Computing",
      publisher =    "Springer Berlin",
      address =      "Heidelberg",
      series =       "Natural Computing Series",
      year =         2015,
      edition =      2,
      isbn =         "978-3-662-44874-8",
      doi =          "https://doi.org/10.1007/978-3-662-44874-8",
    }


