% Encoding: windows-1250

@ARTICLE{qiga,
  author =       "Kuk-Hyun Han and Jong-Hwan Kim",
  title =        "Quantum-inspired evolutionary algorithm for a class of combinatorial optimization", 
  journal =      "IEEE Transactions on Evolutionary Computation", 
  year =         2002,
  volume =       6,
  edition =      1,
  number =       6,
  pages =        "580-593",
  issn =         "1941-0026",
  howpublished = "online",
  doi =          "10.1109/TEVC.2002.804320",
  url =          "https://ieeexplore.ieee.org/abstract/document/1134125",
}

@article{qse,
  author = {Yan Wang and Xiao-Yue Feng and Yan-Xin Huang and Dong-Bing Pu and Wen-Gang Zhou and Yan-Chun Liang and Chun-Guang Zhou},
  title = {A novel quantum swarm evolutionary algorithm and its applications},
  journal = {Neurocomputing},
  volume = {70},
  number = {4},
  pages = {633-640},
  year = {2007},
  note = {Advanced Neurocomputing Theory and Methodology},
  issn = {0925-2312},
  doi = {https://doi.org/10.1016/j.neucom.2006.10.001},
  url = {https://www.sciencedirect.com/science/article/pii/S0925231206002657},
}

@INPROCEEDINGS{qisa,
  author={Chen, Zhanghui and Luo, Ping},
  booktitle={2011 IEEE Congress of Evolutionary Computation (CEC)}, 
  title={QISA: Incorporating quantum computation into Simulated Annealing for optimization problems}, 
  year={2011},
  volume={},
  number={},
  pages={2480-2487},
  doi={10.1109/CEC.2011.5949925}
}



@Comment{jabref-meta: databaseType:biblatex;}
